@article{carlotto1988digital,
  title={Digital imagery analysis of unusual Martian surface features},
  author={Carlotto, Mark J},
  journal={Applied Optics},
  volume={27},
  number={10},
  pages={1926--1933},
  year={1988},
  publisher={Optical Society of America}
}

@article{hohmann2020spy,
  title={“I spy with my little eye…”: Connectivity analyses of the illusory face perception network},
  author={Hohmann, D and Thome, I and Jansen, A},
  journal={Pharmacopsychiatry},
  volume={53},
  number={02},
  pages={P5--3},
  year={2020},
  publisher={Georg Thieme Verlag KG}
}

@article{zimmermann2019illusory,
  title={Illusory face detection in pure noise images: The role of interindividual variability in fMRI activation patterns},
  author={Zimmermann, Kristin M and Stratil, Ann-Sophie and Thome, Ina and Sommer, Jens and Jansen, Andreas},
  journal={Plos one},
  volume={14},
  number={1},
  pages={e0209310},
  year={2019},
  publisher={Public Library of Science San Francisco, CA USA}
}

@article{howard2017mobilenets,
  title={Mobilenets: Efficient convolutional neural networks for mobile vision applications},
  author={Howard, Andrew G and Zhu, Menglong and Chen, Bo and Kalenichenko, Dmitry and Wang, Weijun and Weyand, Tobias and Andreetto, Marco and Adam, Hartwig},
  journal={arXiv preprint arXiv:1704.04861},
  year={2017}
}

@inproceedings{yang2015facial,
  title={From facial parts responses to face detection: A deep learning approach},
  author={Yang, Shuo and Luo, Ping and Loy, Chen-Change and Tang, Xiaoou},
  booktitle={Proceedings of the IEEE international conference on computer vision},
  pages={3676--3684},
  year={2015}
}